<?xml version="1.0" encoding="UTF-8"?><collection xmlns="http://www.loc.gov/MARC21/slim"><record><leader>00299nam  2200073ua 45e0</leader><controlfield tag="008">070529s9999    xx            000 0 und d</controlfield><datafield ind1="0" ind2="0" tag="245"><subfield code="a">Memoirs of William Cox (extract)</subfield><subfield code="h">[electronic resource] /</subfield><subfield code="c">by Anonymous.</subfield></datafield><datafield ind1=" " ind2=" " tag="500"><subfield code="a">An ebook provided by Project Gutenberg of Australia.</subfield></datafield><datafield ind1="4" ind2="0" tag="856"><subfield code="u">http://gutenberg.net.au/ebooks04/0400191.txt </subfield></datafield></record></collection>